@article{Carenini2007,
author = {Giuseppe Carenini and Raymond T. Ng and Xiaodong Zhou},
title = {Summarizing email conversations with clue words.},
journal = {ACM WWW '07 Proceedings of the 16th international conference on World Wide },
volume = {},
number = {},
year = {2007},
pages = {91-100}
}

@article{Carenini2005,
author = {Giuseppe Carenini and Raymond T. Ng and Xiaodong Zhou and Ed Zwart},
title = {Discovery and regeneration of hidden emails.},
journal = {ACM SAC ’05: Proceedings of the 2005
ACM Symposium on Applied Computing},
volume = {},
number = {},
year = {2005},
pages = {503-510}
}

@article{yeh2006,
author = {Aaron Harnly Jen-Yuan Yeh},
title = {Email thread reassembly using similarity matching.},
journal = {In Third Conference on
Email and Anti-Spam (CEAS)},
volume = {},
number = {},
year = {2006},
pages = {}
}

@article{Wan2004,
author = {Stephen Wan and Kathleen McKeown},
title = {Generating overview summaries of ongoing email thread discussions.},
journal = {In Proceedings of COLING’04, the 20th International Conference on Computational Linguistics},
volume = {},
number = {},
year = {2004},
pages = {}
}

@article{Makbule2010,
author = {Makbule Gulcin Ozsoy and Ilyas Cicekli and Ferda Nur Alpaslan},
title = {Text summarization of Turkish texts using latent semantic analysis},
journal = {COLING '10 Proceedings of the 23rd International Conference on Computational Linguistics},
volume = {},
number = {},
year = {2010},
pages = {869-976}
}

@article{Sagi2009,
author = {Eyal Sagi and Stefan Kaufmann and Brady Clark},
title = {Semantic Density Analysis: Comparing word meaning across time and phonetic space},
journal = {GEMS '09 Proceedings of the Workshop on Geomatrical Models of Natural Language Semantics },
volume = {},
number = {},
year = {2009},
pages = {104-111}
}

@article{Yuan2014,
author = {Yuan Tian and David Lo and Julia Lawall},
title = {SEWordSimL software-specific word similarity database},
journal = {ICSE Companion 2014 Companion Proceedings of the 36th International Conference on Software },
volume = {},
number = {},
year = {2014},
pages = {568-571}
}

@article{Yu2011,
author = {Yu Wang and Eugene Agichtein},
title = {Temporal Latent Semantic Analysis for Collaboratively Generated Content: Preliminary Result},
journal = {SIGIR '11 Proceedings of the 34th international ACM SIGIR conference on Research and development in Information Retrieval},
volume = {},
number = {},
year = {2011},
pages = {1145-1146}
}

@article{Berry1993,
author = {Micharl Berry and Theresa Do and Gavin O''Brien and Vijay and Sowmini Varadhan},
title = {SVDPACKC (Version 1.0) User''s Guide},
journal = {Technical Report. University of Tennessee Knoxville, TN, USA.},
volume = {},
number = {},
year = {1993}, 
pages = {}
}

@article{Stanford2014,
author = {Danqi Chen and Christopher D Manning},
title = {A Fast and Accurate Dependency Parser using Neural Networks.},
journal = {Proceedings of EMNLP 2014},
volume = {},
number = {},
year = {2014},
pages = {}
}

@online{radicati2011,
author = {Group Radicati},
title = { Email statistics report},
year = {2011},
url = {http://www.radicati.com/?p=7269},
urldate = {}
}

@online{stanford2007,
author = {Standford, CA},
title = { Infomap [Computer Software]},
year = {2007},
url = {http://infomap-nlp.sourceforge.net/},
urldate = {}
}










